%% Cada entrada en el fichero debe estar referenciado por el apellido del primer autor seguido del año con dos caracteres. 
%Si hay más de una publicación del mismo autor en el año, comenzamos con las letras: 00a, 00b...etc. Ejemplo:

%% Incoporar las referncias por orden alfabético, en cada uno de los apartados que se proporcionan

%A

%B
@article{bordini05,
  title={{Jason and the Golden Fleece of agent-oriented programming}},
  author={Bordini, R. and H{\"u}bner, J. and Vieira, R.},
  journal={Multi-Agent Programming},
  pages={3--37},
  year={2005},
  publisher={Springer}
}

@inproceedings{Burdalo10,
   author = "L. B\'{u}rdalo and A. Terrasa and V. Juli\'{a}n and A. Garc\'{i}a-Fornes",
   title = "{TRAMMAS}: {A} {T}racing {M}odel for {M}ultiagent systems",
   booktitle = "First International Workshop on Infraestructures and Tools for Multiagent Systems",
   year = "2010",
   pages = "42--49"
  }
%C

%D
@inproceedings{DelVal09,   
author = "E. Del Val and N. Criado and M. Rebollo and E. Argente and V. Julian",   
title = "{S}ervice-{O}riented {F}ramework for {V}irtual {O}rganizations",   
booktitle = "International Conference on Artificial Intelligence (ICAI)",   
year = "2009",   
publisher = "CSREA Press",   
volume = "1",   
pages = "108--114"}	

%F
@Manual{fipa02,
	author = "FIPA",
	title = "{FIPA} {R}equest {I}nteraction {P}rotocol {S}pecification",
	organization = "{FIPA}",
	year = 2002,
	keywords = "fipa, manual",
	url = "http://www.fipa.org/specs/fipa00026/SC00026H.html"
}

@inproceedings{Fogues10,
   author = "Ricard L. Fogu\'{e}s and J. M. Alberola and J. M. Such and A. Espinosa and A. García-Fornes",
   title = "{T}owards {D}ynamic {A}gent {I}nteraction {S}upport in {O}pen {M}ultiagent {S}ystems",
   booktitle = "Proceedings of the 13th International Conference of the Catalan Association for Artificial Intelligence",
   year = "2010",
   publisher = "IOS Press",
   series = "",
   volume = "220",
   pages = "89--98"
}
%G

%H
@PhdThesis{Heras11,
  Author         = {Stella Heras},
  Title          = {{C}ase-{B}ased {A}rgumentation {F}ramework for {A}gent
                   {S}ocieties},
  School         = {Departamento de Sistemas Inform\'aticos y
                   Computaci\'on. Universitat Polit\`ecnica de Val\`encia.
                   http://hdl.handle.net/10251/12497},
  bdsk-url-1     = {http://hdl.handle.net/10251/12497},
  date-added     = {2011-06-07 01:13:45 +0200},
  date-modified  = {2011-12-20 12:02:35 +0100},
  url            = {http://hdl.handle.net/10251/12497},
  year           = 2011
}

%I

%J

%K

%L

%M

%N

%Ñ

%O

%P

%Q

%R
@INPROCEEDINGS{Rao96,
    author = {Anand S. Rao},
    title = {AgentSpeak(L): BDI Agents speak out in a logical computable
language},
    booktitle = {Modelling Autonomous Agents in a Multi-Agent World - MAAMAW},
    year = {1996},
    pages = {42--55},
    publisher = {Springer-Verlag}
}

%S

%T

%U

%V

%W
@book{Walton08,
    author = "D. Walton and C. Reed and F. Macagno",
    title = "Argumentation Schemes", 
    publisher = "Cambridge University Press",
    year = "2008"
}
%Z
